@Article{Graells-Garrido2017,
author="Graells-Garrido, Eduardo
and Ferres, Leo
and Caro, Diego
and Bravo, Loreto",
title="The effect of Pok{\'e}mon Go on the pulse of the city: a natural experiment",
journal="EPJ Data Science",
year="2017",
month="Sep",
day="15",
volume="6",
number="1",
pages="23",
issn="2193-1127",
doi="10.1140/epjds/s13688-017-0119-3",
url="https://doi.org/10.1140/epjds/s13688-017-0119-3"
}

@Article{Beiro2018,
author="Beir{\'o}, Mariano G.
and Bravo, Loreto
and Caro, Diego
and Cattuto, Ciro
and Ferres, Leo
and Graells-Garrido, Eduardo",
title="Shopping mall attraction and social mixing at a city scale",
journal="EPJ Data Science",
year="2018",
month="Aug",
day="31",
volume="7",
number="1",
pages="28",
issn="2193-1127",
doi="10.1140/epjds/s13688-018-0157-5",
url="https://doi.org/10.1140/epjds/s13688-018-0157-5"
}

@inproceedings{Graells-Garrido:2018:WMA:3184558.3191561,
 author = {Graells-Garrido, Eduardo and Caro, Diego and Miranda, Omar and Schifanella, Rossano and Peredo, Oscar F.},
 title = {The WWW (and an H) of Mobile Application Usage in the City: The What, Where, When, and How},
 booktitle = {Companion Proceedings of the The Web Conference 2018},
 series = {WWW '18},
 year = {2018},
 isbn = {978-1-4503-5640-4},
 location = {Lyon, France},
 pages = {1221--1229},
 numpages = {9},
 url = {https://doi.org/10.1145/3184558.3191561},
 acmid = {3191561},
 publisher = {International World Wide Web Conferences Steering Committee},
 address = {Republic and Canton of Geneva, Switzerland},
 keywords = {deep packet inspection, spatial analysis, urban informatics},
}